<record><leader>00000cas a22000007a 4500</leader><controlfield tag="001">13510499</controlfield><controlfield tag="008">860430d19481948aluwr ne      0    0eng d</controlfield><datafield ind1=" " ind2=" " tag="010"><subfield code="a">sn 86050176 </subfield></datafield><datafield ind1=" " ind2=" " tag="040"><subfield code="a">AAR</subfield><subfield code="b">eng</subfield><subfield code="c">AAR</subfield><subfield code="d">CPN</subfield><subfield code="d">OCLCQ</subfield></datafield><datafield ind1=" " ind2=" " tag="042"><subfield code="a">msc</subfield></datafield><datafield ind1="0" ind2=" " tag="130"><subfield code="a">Marshall times (Guntersville, Ala.)</subfield></datafield><datafield ind1="1" ind2="4" tag="245"><subfield code="a">The Marshall times.</subfield></datafield><datafield ind1=" " ind2=" " tag="260"><subfield code="a">Guntersville, Ala. :</subfield><subfield code="b">Stewart, Smeds and Olson,</subfield><subfield code="c">1948.</subfield></datafield><datafield ind1=" " ind2=" " tag="300"><subfield code="a">v. :</subfield><subfield code="b">ill. ;</subfield><subfield code="c">56 cm.</subfield></datafield><datafield ind1=" " ind2=" " tag="310"><subfield code="a">Weekly</subfield></datafield><datafield ind1="0" ind2=" " tag="362"><subfield code="a">Vol. 1, no. 1 (Mar. 19, 1948)-v. 1, no. 17 (July 9, 1948).</subfield></datafield><datafield ind1=" " ind2=" " tag="752"><subfield code="a">United States</subfield><subfield code="b">Alabama</subfield><subfield code="c">Marshall</subfield><subfield code="d">Guntersville.</subfield></datafield><datafield ind1="0" ind2="4" tag="785"><subfield code="t">Guntersville gleam</subfield><subfield code="w">(DLC)sn 86050178</subfield></datafield></record>